<?xml version="1.0" encoding="UTF-8"?><record xmlns="http://www.loc.gov/MARC21/slim" xmlns:cinclude="http://apache.org/cocoon/include/1.0" xmlns:zs="http://www.loc.gov/zing/srw/">
  <leader>00488nz  a2200133n  4500</leader>
  <controlfield tag="001">no 94021240 </controlfield>
  <controlfield tag="003">DLC</controlfield>
  <controlfield tag="005">19940624163247.7</controlfield>
  <controlfield tag="008">940622n| acannaab|          |a ana      </controlfield>
  <datafield tag="010" ind1=" " ind2=" ">
    <subfield code="a">no 94021240 </subfield>
  </datafield>
  <datafield tag="040" ind1=" " ind2=" ">
    <subfield code="a">DLC-S</subfield>
    <subfield code="c">DLC-S</subfield>
  </datafield>
  <datafield tag="110" ind1="2" ind2="0">
    <subfield code="a">Lajnah al-Thaqāfīyah al-Jihawīyah bi-Silyānah</subfield>
  </datafield>
  <datafield tag="410" ind1="1" ind2="0">
    <subfield code="a">Tunisia.</subfield>
    <subfield code="b">Lajnah al-Thaqāfīyah al-Jihawīyah bi-Silyānah</subfield>
  </datafield>
  <datafield tag="670" ind1=" " ind2=" ">
    <subfield code="a">al-Itḥāf, Jānfiyī/Fīfriyī 1992:</subfield>
    <subfield code="b">t.p. verso (al-Lajnah al-Thaqāfīyah al-Jihawīyah bi-Silyānah)</subfield>
  </datafield>
</record>